<collection xmlns="http://www.loc.gov/MARC21/slim"><record><leader>01407nmm  2200265   450</leader><controlfield tag="001">598</controlfield><controlfield tag="003">http://montalegre.opacnet.com/OPAC/default.aspx?ContentAreaControl=ShowRegHoldings.ascx&amp;RegNo=16662</controlfield><datafield tag="010" ind1=" " ind2=" "><subfield code="a">972-0-01042-8</subfield></datafield><datafield tag="021" ind1=" " ind2=" "><subfield code="a">PT</subfield><subfield code="b">168747/01</subfield></datafield><datafield tag="100" ind1=" " ind2=" "><subfield code="a">20061013d2001    demy0pory0103    ba</subfield></datafield><datafield tag="101" ind1="0" ind2=" "><subfield code="a">por</subfield></datafield><datafield tag="102" ind1=" " ind2=" "><subfield code="a">PT</subfield></datafield><datafield tag="105" ind1=" " ind2=" "><subfield code="a">--------000zy</subfield></datafield><datafield tag="106" ind1=" " ind2=" "><subfield code="a">i</subfield></datafield><datafield tag="135" ind1=" " ind2=" "><subfield code="a">bocga---mnaua</subfield></datafield><datafield tag="200" ind1="1" ind2=" "><subfield code="a">Diciopédia 2002</subfield><subfield code="b">Documento electrónico</subfield><subfield code="e">&lt;o &gt;poder do conhecimento 2002</subfield><subfield code="f">[ed. lit.] Porto Editora Multimédia</subfield></datafield><datafield tag="205" ind1=" " ind2=" "><subfield code="a">[5ª ed.]</subfield></datafield><datafield tag="210" ind1=" " ind2=" "><subfield code="a">Porto</subfield><subfield code="c">P.E.M.</subfield><subfield code="d">D.L. 2001</subfield></datafield><datafield tag="215" ind1=" " ind2=" "><subfield code="a">4 discos ópticos (CD-ROM) em caixa</subfield><subfield code="c">color., som</subfield><subfield code="d">13x21x28 cm</subfield><subfield code="e">guia de exploração para pais e professores (16 p.)</subfield></datafield><datafield tag="230" ind1=" " ind2=" "><subfield code="a">Multimédia interactivo</subfield></datafield><datafield tag="304" ind1=" " ind2=" "><subfield code="a">Tít. retirado da caixa</subfield></datafield><datafield tag="337" ind1=" " ind2=" "><subfield code="a">Requisitos do sistema : Processador Pentium; a 133 MHz (Pentium II recomendado); 16 MB de memória RAM (32 MB recomendados); Windows 95,98, 2000, Me ou Windows NT 4.0; CD-ROM 4x ; placa de som compatílvel CL Sound Blaster (16 bit); placa de vídeo SVGA ( milhares de cores a 800x600); 165 MB de espaço livre no disco rígido; rato compatível Microsoft. - Para usufruir das potencialidades on-line associadas a este produto é necessário dispor de acesso à internet</subfield></datafield><datafield tag="675" ind1=" " ind2=" "><subfield code="a">030(0.034)</subfield><subfield code="v">BN</subfield><subfield code="z">por</subfield><subfield code="v">BN</subfield><subfield code="z">por</subfield><subfield code="3">997273</subfield></datafield><datafield tag="712" ind1="0" ind2="2"><subfield code="a">Porto Editora Multimédia</subfield><subfield code="4">340</subfield><subfield code="3">218241</subfield></datafield><datafield tag="801" ind1=" " ind2="0"><subfield code="a">PT</subfield><subfield code="b">Biblioteca Municipal de Montalegre</subfield><subfield code="g">RCP</subfield></datafield><datafield tag="856" ind1=" " ind2=" "><subfield code="u">locateMedia.asp?cod=20060522142135&amp;ext=jpg</subfield><subfield code="z">CAPA</subfield></datafield><datafield tag="909" ind1="&#9;" ind2=" "><subfield code="a">0</subfield></datafield></record></collection>